@misc{asyncPaper,
  doi = {10.48550/ARXIV.2005.07859},
  url = {https://arxiv.org/abs/2005.07859},
  author = {Pourmiri, Ali and Mans, Bernard},
  keywords = {Data Structures and Algorithms (cs.DS), Distributed, Parallel, and Cluster Computing (cs.DC), FOS: Computer and information sciences, FOS: Computer and information sciences},
  title = {Tight Analysis of Asynchronous Rumour Spreading in Dynamic Networks},
  publisher = {arXiv},
  year = {2020},
  copyright = {arXiv.org perpetual, non-exclusive license}
}

@misc{syncPaper,
  doi = {10.48550/ARXIV.1103.0741},
  url = {https://arxiv.org/abs/1103.0741},
  author = {Clementi, Andrea and Monti, Angelo and Pasquale, Francesco and Silvestri, Riccardo},
  keywords = {Discrete Mathematics (cs.DM), FOS: Computer and information sciences, FOS: Computer and information sciences},
  title = {Information Spreading in Stationary Markovian Evolving Graphs},
  publisher = {arXiv},
  year = {2011},
  copyright = {arXiv.org perpetual, non-exclusive license}
}

@online{complexNetworksRumourSpreading,
  author="Ayalvadi Ganesh",
  title="Rumour spreading on graphs",
  url="https://people.maths.bris.ac.uk/~maajg/teaching/complexnets/rumours.pdf"
}

@online{complexNetworksRandomGraphs,
  author="Ayalvadi Ganesh",
  title="Random graphs",
  url="https://people.maths.bris.ac.uk/~maajg/teaching/complexnets/random_graphs.pdf",
}

@book{inhomogenousPP,
	doi = {10.1007/978-1-4757-2001-3},
	url = {https://doi.org/10.1007%2F978-1-4757-2001-3},
	year = 1998,
	publisher = {Springer New York},
	author = {D. J. Daley and D. Vere-Jones},
	title = {An Introduction to the Theory of Point Processes}
}

@online{binomialChernoff,
  author="Alex Tsun",
  title="University of Washington, cse312 - Chapter 6.2: The Chernoff Bound",
  url = "https://courses.cs.washington.edu/courses/cse312/20su/files/student_drive/6.2.pdf"
}

@online{coupling,
  author="Sebastien Roch",
  title="UW-Madison, Modern Discrete Probability - Chapter 4: Coupling", 
  url="https://people.math.wisc.edu/~roch/mdp/roch-mdp-chap4.pdf"
}

@online{inhomoPoissonProof,
  title="SOR3012: Stochastic Processes and Risk - Chapter 22 Inhomogeneous Poisson process",
  author="J. F. McCann",
  url="https://gtribello.github.io/mathNET/resources/jim-chap22.pdf",
}

@misc{countingProcessFigure,
  doi = {10.48550/ARXIV.1910.00282},
  url = {https://arxiv.org/abs/1910.00282},
  author = {Lomax, Nik and Malleson, Nick and Kieu, Le-Minh},
  keywords = {Methodology (stat.ME), FOS: Computer and information sciences, FOS: Computer and information sciences},
  title = {Point Pattern Processes and Models},
  publisher = {arXiv},
  year = {2019},
  copyright = {arXiv.org perpetual, non-exclusive license}
}

@book{grimmetBook,
  title = "Probability and Random Processes",
  author = "DR Stirzaker and GR Grimmett",
  year = "1992",
  publisher = "Clarendon Press",
  address = "United Kingdom",
}

@misc{networkx,
  title        = {Networkx Package Homepage},
  url         = {https://networkx.org/}
}

@misc{numpy,
  title  = {NumPy Package Homepage},
  url    = {https://numpy.org/}
}

@article{motivation,
  author = {Zaidi, Faraz and Muelder, Chris and Sallaberry, Arnaud},
  year = {2014},
  month = {09},
  pages = {},
  title = {Analysis and Visualization of Dynamic Networks},
  doi = {10.1007/978-1-4614-6170-8_382}
}


@book{staticsWellUnderstood, 
  place={Cambridge}, 
  series={London Mathematical Society Lecture Note Series}, title={Epidemics and Rumours in Complex Networks}, 
  DOI={10.1017/CBO9780511806018}, 
  publisher={Cambridge University Press}, 
  author={Draief, Moez and Massouli√©, Laurent},
  year={2009}, 
  collection={London Mathematical Society Lecture Note Series}
}

@article{stateReplication,
  author = {Wang, Zhe and Li, Tao and Xiong, Naixue and Pan, Yi},
  year = {2012},
  month = {10},
  pages = {},
  title = {A novel dynamic network data replication scheme based on historical access record and proactive deletion},
  volume = {62},
  journal = {The Journal of Supercomputing},
  doi = {10.1007/s11227-011-0708-z}
}